<record><leader>00000cas a22000007a 4500</leader><controlfield tag="001">20662871</controlfield><controlfield tag="008">891116d19431946ndumr ne      0    0eng d</controlfield><datafield ind1=" " ind2=" " tag="010"><subfield code="a">sn 89074367 </subfield></datafield><datafield ind1=" " ind2=" " tag="040"><subfield code="a">NOP</subfield><subfield code="b">eng</subfield><subfield code="c">NOP</subfield><subfield code="d">OCLCQ</subfield><subfield code="d">DLC</subfield><subfield code="d">OCLCF</subfield></datafield><datafield ind1=" " ind2=" " tag="042"><subfield code="a">msc</subfield></datafield><datafield ind1=" " ind2=" " tag="043"><subfield code="a">n-us-nd</subfield></datafield><datafield ind1="0" ind2=" " tag="130"><subfield code="a">Bismarck tribune (Bismarck, N.D. : 1943)</subfield></datafield><datafield ind1="1" ind2="4" tag="245"><subfield code="a">The Bismarck tribune.</subfield></datafield><datafield ind1=" " ind2=" " tag="250"><subfield code="a">Special Servicemen's ed.</subfield></datafield><datafield ind1=" " ind2=" " tag="260"><subfield code="a">Bismarck, N.D. :</subfield><subfield code="b">Bismarck Tribune Co.</subfield></datafield><datafield ind1=" " ind2=" " tag="300"><subfield code="a">37 issues :</subfield><subfield code="b">ill. ;</subfield><subfield code="c">43 cm.</subfield></datafield><datafield ind1=" " ind2=" " tag="310"><subfield code="a">Monthly</subfield></datafield><datafield ind1="0" ind2=" " tag="362"><subfield code="a">Vol. 1, no. 1 (Apr. 17, 1943)-v. 73, no. 88 (Apr. 13, 1946).</subfield></datafield><datafield ind1=" " ind2=" " tag="515"><subfield code="a">Volume and number change July 17, 1943 to match numbering of the daily edition. Masthead number in parenthesis indicates issue number.</subfield></datafield><datafield ind1=" " ind2=" " tag="530"><subfield code="a">Available on microfilm from the State Historical Society of North Dakota.</subfield></datafield><datafield ind1=" " ind2=" " tag="580"><subfield code="a">Daily ed.: Bismarck tribune (Bismarck, N.D. : 1916), 1943-1946.</subfield></datafield><datafield ind1=" " ind2=" " tag="580"><subfield code="a">Weekly ed.: Bismarck weekly tribune (Bismarck, N.D. : 1884), 1943.</subfield></datafield><datafield ind1=" " ind2="0" tag="651"><subfield code="a">Bismarck (N.D.)</subfield><subfield code="v">Newspapers.</subfield></datafield><datafield ind1=" " ind2="7" tag="655"><subfield code="a">Newspapers.</subfield><subfield code="2">fast</subfield><subfield code="0">(OCoLC)fst01423814</subfield></datafield><datafield ind1=" " ind2="7" tag="651"><subfield code="a">North Dakota</subfield><subfield code="z">Bismarck.</subfield><subfield code="2">fast</subfield><subfield code="0">(OCoLC)fst01206574</subfield></datafield><datafield ind1=" " ind2=" " tag="752"><subfield code="a">United States</subfield><subfield code="b">North Dakota</subfield><subfield code="c">Burleigh</subfield><subfield code="d">Bismarck.</subfield></datafield><datafield ind1="1" ind2=" " tag="775"><subfield code="t">Bismarck tribune (Bismarck, N.D. : 1916)</subfield><subfield code="x">2330-5967</subfield><subfield code="w">(DLC)sn 85042243</subfield><subfield code="w">(OCoLC)11987205</subfield></datafield><datafield ind1="1" ind2=" " tag="775"><subfield code="t">Bismarck weekly tribune (Bismarck, N.D. : 1884)</subfield><subfield code="x">2330-6041</subfield><subfield code="w">(DLC)sn 85042588</subfield><subfield code="w">(OCoLC)12660125</subfield></datafield></record>